%% This BibTeX bibliography file was created using BibDesk.
%% https://bibdesk.sourceforge.io/

%% Created for Carlisle Rainey at 2019-04-09 07:43:15 -0400 


%% Saved with string encoding Unicode (UTF-8) 



@article{AndersonRichardson1979,
	Author = {J. A. Anderson and S. C. Richardson},
	Date-Added = {2015-09-21 15:25:05 +0000},
	Date-Modified = {2015-09-21 15:26:14 +0000},
	Journal = {Technometrics},
	Number = {1},
	Pages = {71-78},
	Title = {Logistic Discrimination and Bias Correction in Maximum Likelihood Estimation},
	Volume = {21},
	Year = {1979}}

@article{BarrilleauxRainey2014,
	Author = {Charles Barrilleaux and Carlisle Rainey},
	Date-Added = {2014-09-08 20:04:53 +0000},
	Date-Modified = {2015-08-02 23:43:26 +0000},
	Journal = {State Politics and Policy Quarterly},
	Number = {4},
	Pages = {437-460},
	Title = {The Politics of Need: Examining Governors' Decisions to Oppose the `Obamacare' Medicaid Expansion},
	Volume = {14},
	Year = {2014}}

@article{BellMiller2015,
	Author = {Mark S. Bell and Nicholas L. Miller},
	Date-Modified = {2015-07-20 01:17:24 +0000},
	Journal = {Journal of Conflict Resolution},
	Note = {Forthcoming.},
	Number = {1},
	Owner = {carlislerainey},
	Pages = {74-92},
	Timestamp = {2014.04.07},
	Title = {Questioning the Effect of Nuclear Weapons on Conflict},
	Volume = {59},
	Year = {2015}}

@article{BerryDeMerittEsarey2010,
	Author = {William D. Berry and Jacqueline H. R. DeMeritt and Justin Esarey},
	Date-Added = {2014-08-22 13:37:17 +0000},
	Date-Modified = {2014-08-22 13:38:21 +0000},
	Journal = {American Journal of Political Science},
	Number = {1},
	Pages = {105-119},
	Title = {Testing for Interaction in Binary Logit and Probit Models: Is a Product Term Essential},
	Volume = {54},
	Year = {2010}}

@phdthesis{Betz2015a,
	Author = {Timm Betz},
	Date-Added = {2015-10-08 12:25:30 +0000},
	Date-Modified = {2015-10-08 12:35:53 +0000},
	School = {University of Michigan, Ann Arbor},
	Title = {Trading Interests: Domestic Institutions, International Negotiations, and the Politics of Trade. Chapter 3: Political Rhetoric and Trade.},
	Year = {2015}}

@unpublished{Betz2015b,
	Author = {Timm Betz},
	Date-Added = {2015-10-08 12:35:54 +0000},
	Date-Modified = {2015-10-08 12:39:05 +0000},
	Note = {Working paper. Copy at \href{http://people.tamu.edu/~timm.betz/Betz-2014-Disputes.pdf}{http://people.tamu.edu/$\sim$timm.betz/Betz-2014-Disputes.pdf}.},
	Title = {Domestic Politics and the Initiation of International Disputes},
	Year = {2015}}

@book{CasellaBerger2002,
	Address = {Pacific Grove, CA},
	Author = {George Casella and Roger L. Berger},
	Date-Added = {2011-11-15 12:56:13 -0500},
	Date-Modified = {2015-10-07 13:19:30 +0000},
	Edition = {2nd},
	Publisher = {Duxbury},
	Title = {Statistical Inference},
	Year = {2002}}

@article{ChachaPowell2016,
	Author = {Mwita Chacha and Jonathan Powell},
	Date-Added = {2017-08-11 19:35:29 +0000},
	Date-Modified = {2017-08-11 19:35:50 +0000},
	Doi = {10.1080/13510347.2016.1263617},
	Eprint = {http://dx.doi.org/10.1080/13510347.2016.1263617},
	Journal = {Democratization},
	Number = {5},
	Pages = {819-838},
	Title = {Economic interdependence and post-coup democratization},
	Url = {http://dx.doi.org/10.1080/13510347.2016.1263617},
	Volume = {24},
	Year = {2017},
	Bdsk-Url-1 = {http://dx.doi.org/10.1080/13510347.2016.1263617}}

@article{Copas1988,
	Author = {John B. Copas},
	Date-Added = {2015-08-25 12:15:30 +0000},
	Date-Modified = {2015-08-25 12:20:05 +0000},
	Journal = {Journal of the Royal Statistical Society, Series B},
	Number = {2},
	Pages = {225-265},
	Title = {Binary Regression Models for Contaminated Data},
	Volume = {50},
	Year = {1988}}

@unpublished{firthlogit,
	Author = {Joseph Coveney},
	Date-Added = {2016-02-16 14:16:19 +0000},
	Date-Modified = {2016-02-16 14:18:44 +0000},
	Note = {Stata module},
	Title = {FIRTHLOGIT: Stata module to calculate bias reduction in logistic regressio},
	Url = {https://ideas.repec.org/c/boc/bocode/s456948.html},
	Year = {2015},
	Bdsk-Url-1 = {https://ideas.repec.org/c/boc/bocode/s456948.html}}

@article{CoxSnell1968,
	Author = {D. R. Cox and E. J. Snell},
	Date-Added = {2015-09-21 13:38:23 +0000},
	Date-Modified = {2015-09-21 13:39:51 +0000},
	Journal = {Journal of the Royal Statistical Society, Series B},
	Number = {2},
	Pages = {248-275},
	Title = {A General Definition of Residuals},
	Volume = {30},
	Year = {1968}}

@book{DeGrootSchervish2012,
	Address = {Boston, MA},
	Author = {M. H. DeGroot and M. J. Schervish},
	Date-Added = {2014-08-22 16:48:08 +0000},
	Date-Modified = {2014-08-22 16:48:49 +0000},
	Edition = {4th edition},
	Publisher = {Wiley},
	Title = {Probability and Statistics},
	Year = {2012}}

@article{Efron1979,
	Author = {Bradley Efron},
	Date-Added = {2016-02-15 14:28:21 +0000},
	Date-Modified = {2016-02-15 14:29:13 +0000},
	Journal = {The Annals of Statistics},
	Number = {1},
	Pages = {1-26},
	Title = {Bootstrap Methods: Another Look at the Jackknife},
	Volume = {7},
	Year = {1979}}

@book{EfronTibshirani1993,
	Address = {New York},
	Author = {Bradley Efron and Robert J. Tibshirani},
	Date-Added = {2016-02-15 14:20:15 +0000},
	Date-Modified = {2016-02-15 14:34:32 +0000},
	Publisher = {Chapman and Hall},
	Title = {An Introduction to the Bootstrap},
	Year = {1993}}

@article{Firth1993,
	Author = {David Firth},
	Journal = {Biometrika},
	Number = {1},
	Owner = {carlislerainey},
	Pages = {27-38},
	Timestamp = {2014.04.09},
	Title = {Bias Reduction of Maximum Likelihood Estimates},
	Volume = {80},
	Year = {1993}}

@article{Gelman2008,
	Author = {Andrew Gelman},
	Date-Added = {2014-09-25 10:31:58 +0000},
	Date-Modified = {2014-09-25 10:34:46 +0000},
	Journal = {Statistics in Medicine},
	Number = {15},
	Pages = {2865-2873},
	Title = {Scaling Regression Inputs by Dividing by Two Standard Deviations},
	Volume = {27},
	Year = {2008}}

@article{GeorgeEpstein1992,
	Author = {Tracey E. George and Lee Epstein},
	Date-Added = {2015-08-12 20:05:49 +0000},
	Date-Modified = {2015-08-12 20:06:50 +0000},
	Journal = {American Political Science Review},
	Number = {2},
	Pages = {323-337},
	Title = {On the Nature of Supreme Court Decision Making},
	Volume = {86},
	Year = {1992}}

@book{Gill2000,
	Address = {Thousand Oaks, CA},
	Author = {Jeff Gill},
	Date-Added = {2017-11-13 21:43:02 +0000},
	Date-Modified = {2017-11-13 21:45:28 +0000},
	Number = {134},
	Publisher = {Sage Publications},
	Series = {Quantitative Applications in the Social Sciences},
	Title = {Generalized Linear Models: A Unified Approach},
	Year = {2000}}

@book{Greene2012,
	Address = {Upper Saddle River, New Jersey},
	Author = {William H. Greene},
	Date-Added = {2015-08-31 20:30:32 +0000},
	Date-Modified = {2015-08-31 20:36:12 +0000},
	Edition = {7th},
	Publisher = {Prentice Hall},
	Title = {Econometric Analysis},
	Year = {2012}}

@article{Gross2015,
	Author = {Justin H. Gross},
	Date-Added = {2014-08-22 13:24:23 +0000},
	Date-Modified = {2017-11-13 20:52:05 +0000},
	Journal = {American Journal of Political Science},
	Note = {Forthcoming in \textit{American Journal of Political Science}},
	Number = {3},
	Pages = {775-788},
	Title = {Testing What Matters (If You Must Test at All): A Context-Driven Approach to Substantive and Statistical Significance},
	Volume = {59},
	Year = {2015}}

@book{HastieTibshiraniFriedman2013,
	Address = {New York},
	Author = {Trevor Hastie and Robert Tibshirani and Jerome Friedman},
	Date-Added = {2015-07-10 16:14:36 +0000},
	Date-Modified = {2015-07-10 16:20:01 +0000},
	Edition = {Second},
	Publisher = {Springer},
	Series = {Springer Series in Statistics},
	Title = {The Elements of Statistical Learning},
	Year = {2013}}

@manual{Heinze:2016aa,
	Author = {Georg Heinze and Meinhard Ploner},
	Date-Added = {2017-08-11 16:53:48 +0000},
	Date-Modified = {2017-08-11 16:53:48 +0000},
	Note = {R package version 1.22},
	Title = {logistf: Firth's Bias-Reduced Logistic Regression},
	Url = {https://CRAN.R-project.org/package=logistf},
	Year = {2016},
	Bdsk-Url-1 = {https://CRAN.R-project.org/package=logistf}}

@manual{logistf,
	Author = {Georg Heinze and Meinhard Ploner and Daniela Dunkler and Harry Southworth},
	Date-Added = {2016-02-16 14:05:20 +0000},
	Date-Modified = {2016-02-16 14:07:09 +0000},
	Note = {R package version 1.21},
	Title = {logistf: Firth's bias reduced logistic regression},
	Url = {http://CRAN.R-project.org/package=logistf},
	Year = {2013},
	Bdsk-Url-1 = {http://CRAN.R-project.org/package=logistf}}

@article{Jeffreys1946,
	Author = {H. Jeffreys},
	Journal = {Proceedings of the Royal Society of London, Series A},
	Number = {1007},
	Owner = {carlislerainey},
	Pages = {453-461},
	Timestamp = {2014.04.07},
	Title = {An Invariant Form of the Prior Probability in Estimation Problems},
	Volume = {186},
	Year = {1946}}

@article{Joe2006,
	Author = {Harry Joe},
	Date-Added = {2015-09-12 02:29:49 +0000},
	Date-Modified = {2015-09-12 02:30:55 +0000},
	Journal = {Journal of Multivariate Analysis},
	Number = {10},
	Pages = {2177--2189},
	Title = {Generating Random Correlation Matrices Based on Partial Correlations},
	Volume = {97},
	Year = {2006}}

@unpublished{KaplowGartzke2015,
	Author = {Jeffrey M. Kaplow and Erik Gartzke},
	Date-Added = {2015-10-08 12:11:37 +0000},
	Date-Modified = {2015-10-08 12:23:03 +0000},
	Note = {Working paper. Copy at \href{http://dl.jkaplow.net/uncertainty.pdf}{http://dl.jkaplow.net/uncertainty.pdf}},
	Title = {Knowing Unknows: The Effect of Uncertainty in Interstate Conflict},
	Year = {2015}}

@book{King1989,
	Address = {Ann Arbor},
	Author = {Gary King},
	Organization = {Michigan University Press},
	Owner = {carlislerainey},
	Publisher = {Michigan University Press},
	Timestamp = {2014.04.07},
	Title = {Unifying Political Methodology: The Likelihood Theory of Statistical Inference},
	Year = {1998}}

@article{KingTomzWittenberg2000,
	Author = {Gary King and Michael Tomz and Jason Wittenberg},
	Date-Added = {2014-08-22 13:17:50 +0000},
	Date-Modified = {2014-08-22 13:19:27 +0000},
	Journal = {American Journal of Political Science},
	Number = {2},
	Pages = {341-355},
	Title = {Making the Most of Statistical Analyses: Improving Interpretation and Presentation},
	Volume = {44},
	Year = {2000}}

@article{KingZeng2001,
	Author = {Gary King and Langche Zeng},
	Date-Added = {2014-08-23 10:20:30 +0000},
	Date-Modified = {2014-08-23 10:21:15 +0000},
	Journal = {Political Analysis},
	Number = {2},
	Pages = {137-163},
	Title = {Logistic Regression in Rare Events Data},
	Volume = {9},
	Year = {2001}}

@manual{brglm,
	Author = {Ioannis Kosmidis},
	Date-Added = {2016-02-16 14:09:55 +0000},
	Date-Modified = {2017-08-11 16:56:24 +0000},
	Note = {R package version 0.6.1},
	Title = {brglm: Bias reduction in binary-response Generalized Linear Models},
	Url = {http://www.ucl.ac.uk/~ucakiko/software.html},
	Year = {2017},
	Bdsk-Url-1 = {http://www.ucl.ac.uk/~ucakiko/software.html}}

@manual{Kosmidis:2017aa,
	Author = {Ioannis Kosmidis},
	Date-Added = {2017-08-11 16:55:09 +0000},
	Date-Modified = {2017-08-11 16:55:09 +0000},
	Note = {R package version 0.1.4},
	Title = {{brglm2}: Bias reduction in generalized linear models},
	Url = {https://github.com/ikosmidis/brglm2},
	Year = {2017},
	Bdsk-Url-1 = {https://github.com/ikosmidis/brglm2}}

@phdthesis{Kosmidis2007,
	Author = {Ioannis Kosmidis},
	Date-Added = {2015-07-10 16:48:36 +0000},
	Date-Modified = {2015-07-10 16:49:44 +0000},
	School = {University of Warwick},
	Title = {Bias Reduction in Exponential Family Nonlinear Models},
	Year = {2007}}

@article{Kosmidis2014,
	Author = {Ioannis Kosmidis},
	Date-Added = {2015-07-10 16:42:25 +0000},
	Date-Modified = {2015-07-10 16:44:31 +0000},
	Journal = {WIREs Computational Statistics},
	Number = {3},
	Pages = {185-196},
	Title = {Bias in Parametric Estimation: Reduction and Useful Side-Effects},
	Volume = {6},
	Year = {2014}}

@article{KosmidisFirth2009,
	Author = {Ioannis Kosmidis and David Firth},
	Date-Added = {2015-07-10 16:45:47 +0000},
	Date-Modified = {2015-07-10 16:46:49 +0000},
	Journal = {Biometrika},
	Number = {4},
	Pages = {793-804},
	Title = {Bias Reduction in Exponential Family Nonlinear Models},
	Volume = {96},
	Year = {2009}}

@article{KruegerLewisBeck2008,
	Author = {James S. Krueger and Michael S. Lewis-Beck},
	Date-Added = {2015-08-26 12:30:09 +0000},
	Date-Modified = {2015-08-26 12:31:37 +0000},
	Journal = {The Political Methodologist},
	Number = {2},
	Pages = {2-4},
	Title = {Is OLS Dead?},
	Volume = {15},
	Year = {2008}}

@article{LeemanMares2014,
	Author = {Lucas Leeman and Isabella Mares},
	Date-Added = {2014-10-06 09:13:01 +0000},
	Date-Modified = {2014-10-06 09:14:23 +0000},
	Journal = {Journal of Politics},
	Number = {2},
	Pages = {461-478},
	Title = {The Adoption of Proportional Representation},
	Volume = {76},
	Year = {2014}}

@book{LeonardHsu1999,
	Address = {Cambridge},
	Author = {Thomas Leonard and John S. J. Hsu},
	Date-Added = {2015-09-01 12:27:51 +0000},
	Date-Modified = {2015-09-01 12:29:24 +0000},
	Publisher = {Cambridge University Press},
	Series = {Cambridge Series in Statistical and Probabilistic Mathematics},
	Title = {Bayesian Methods},
	Year = {1999}}

@book{Long1997,
	Address = {Thousand Oaks, CA},
	Author = {J. Scott Long},
	Date-Added = {2015-07-10 15:55:34 +0000},
	Date-Modified = {2015-07-10 15:57:14 +0000},
	Publisher = {Sage},
	Series = {Advanced Quantitative Techniques in the Social Sciences},
	Title = {Regression Models for Categorical and Limited Dependent Variables},
	Year = {1997}}

@article{McCaskeyRainey2015,
	Author = {Kelly McCaskey and Carlisle Rainey},
	Date-Added = {2014-09-08 20:13:32 +0000},
	Date-Modified = {2017-11-13 20:49:33 +0000},
	Journal = {Statistics, Politics, and Policy},
	Number = {1-2},
	Pages = {77-96},
	Title = {Substantive Importance and the Veil of Statistical Significance},
	Volume = {6},
	Year = {2015}}

@book{McCullaghNelder1989,
	Address = {Boca Raton, FL},
	Author = {Peter McCullagh and John A. Nelder},
	Date-Added = {2014-10-06 09:22:40 +0000},
	Date-Modified = {2014-10-06 09:26:01 +0000},
	Edition = {Second},
	Publisher = {Chapman and Hall},
	Title = {Generalized Linear Models},
	Year = {1989}}

@article{Peduzzietal1996,
	Author = {Peduzzi, Peter and Concato, John and Kemper, Elizabeth and Holford, Theodore R and Feinstein, Alvan R},
	Date-Added = {2015-04-11 13:12:10 +0000},
	Date-Modified = {2015-04-11 13:13:23 +0000},
	Journal = {Journal of Clinical Epidemiology},
	Number = {12},
	Pages = {1373-1379},
	Title = {A Simulation Study of the Number of Events per Variable in Logistic Regression Analysis},
	Volume = {49},
	Year = {1996}}

@article{Poirier1994,
	Author = {Dale Poirier},
	Date-Added = {2014-09-24 11:52:17 +0000},
	Date-Modified = {2014-09-24 11:53:33 +0000},
	Journal = {Journal of Econometrics},
	Number = {2},
	Pages = {327-339},
	Title = {Jeffreys' Prior for Logit Models},
	Volume = {63},
	Year = {1994}}

@article{Rainey-separation,
	Author = {Rainey, Carlisle},
	Date-Added = {2017-08-11 19:45:49 +0000},
	Date-Modified = {2017-08-11 19:46:00 +0000},
	Doi = {10.1093/pan/mpw014},
	Journal = {Political Analysis},
	Number = {3},
	Pages = {339--355},
	Publisher = {Cambridge University Press},
	Title = {Dealing with Separation in Logistic Regression Models},
	Volume = {24},
	Year = {2016},
	Bdsk-Url-1 = {http://dx.doi.org/10.1093/pan/mpw014}}

@article{Rainey2014a,
	Author = {Carlisle Rainey},
	Date-Added = {2014-08-22 15:54:55 +0000},
	Date-Modified = {2015-07-27 16:36:49 +0000},
	Journal = {American Journal of Political Science},
	Number = {4},
	Pages = {1083-1091},
	Title = {Arguing for a Negligible Effect},
	Volume = {58},
	Year = {2014}}

@article{ViningWilhelmCollens2015,
	Author = {Vining, Jr., Richard L. and Teena Wilhelm and Jack D. Collens},
	Date-Added = {2015-07-20 00:38:53 +0000},
	Date-Modified = {2015-07-20 00:41:26 +0000},
	Journal = {State Politics and Policy Quarterly},
	Number = {1},
	Pages = {3-23},
	Title = {A Market-Based Model of State Supreme Court News: Lessons from Captial Cases},
	Volume = {15},
	Year = {2015}}

@article{VittinghoffMcCulloch2007,
	Author = {Eric Vittinghoff and Charles E. McCulloch},
	Date-Added = {2015-09-12 02:02:43 +0000},
	Date-Modified = {2015-09-12 02:05:25 +0000},
	Journal = {American Journal of Epidemiology},
	Number = {6},
	Pages = {710-718},
	Title = {Relaxing the Rule of Ten Events per Variable in Logistic and Cox Regression},
	Volume = {165},
	Year = {2007}}

@article{Weisiger2014,
	Author = {Alex Weisiger},
	Date-Added = {2014-10-06 09:20:00 +0000},
	Date-Modified = {2014-10-06 09:21:33 +0000},
	Journal = {Conflict Management and Peace Science},
	Number = {4},
	Pages = {357-382},
	Title = {Victory Without Peace: Conquest, Insurgency, and War Termination},
	Volume = {31},
	Year = {2014}}

@book{Wooldridge2002,
	Address = {Cambridge},
	Author = {Jeffrey M. Wooldridge},
	Date-Added = {2015-07-10 15:42:42 +0000},
	Date-Modified = {2015-07-10 15:43:39 +0000},
	Publisher = {MIT Press},
	Title = {Econometric Analysis of Cross Section and Panel Data},
	Year = {2002}}

@article{Zorn2005,
	Author = {Christopher Zorn},
	Journal = {Political Analysis},
	Number = {2},
	Owner = {carlislerainey},
	Pages = {157-170},
	Timestamp = {2014.04.07},
	Title = {A Solution to Separation in Binary Response Models},
	Volume = {13},
	Year = {2005}}
